@Article{	  Roberts.ea:2021,
  author	= "Roberts, Aaron P. J. and Webster, Leonie V. and Salmon,
		  Paul M. and Flin, Rhona and Salas, Eduardo and Cooke, Nancy
		  J. and Read, Gemma J. M. and Stanton, Neville A.",
  title		= "State of Science: Models and methods for understanding and
		  enhancing teams and teamwork in complex sociotechnical
		  systems",
  journal	= "Ergonomics",
  year		= "2021",
  pages		= "1--45",
  keywords	= "Space life sciences",
  issn		= "0014-0139",
  doi		= "10.1080/00140139.2021.2000043"
}

